<?xml version="1.0" encoding="UTF-8"?><collection xmlns="http://www.loc.gov/MARC21/slim"><record><leader>00424nam--2200145-i-4500</leader><controlfield tag="001">000010767</controlfield><controlfield tag="002">20161230</controlfield><controlfield tag="005">20170220171027</controlfield><controlfield tag="008">060222s1000------------r-----000-0-eng-d</controlfield><datafield ind1=" " ind2=" " tag="245"><subfield code="a">Modern oxide materials. Preparation, propertie s and device applications</subfield></datafield><datafield ind1=" " ind2=" " tag="260"><subfield code="a">London</subfield><subfield code="b">Academic Press</subfield><subfield code="c">1972</subfield></datafield><datafield ind1=" " ind2=" " tag="300"><subfield code="a">315 p</subfield></datafield><datafield ind1=" " ind2=" " tag="700"><subfield code="a">Jones, D. W</subfield></datafield><datafield ind1=" " ind2=" " tag="852"><subfield code="a">621.375.826:54.31:621.318.1:661.8.22</subfield></datafield><datafield ind1=" " ind2=" " tag="CAT"><subfield code="a">SYS</subfield><subfield code="c">20170220</subfield><subfield code="h">171027</subfield></datafield></record></collection>